
<marc:record><marc:leader>03511cam a2200445 i 4500</marc:leader>
<marc:controlfield tag="005">20161228114934.0</marc:controlfield>
<marc:controlfield tag="006">m     o  d        </marc:controlfield><marc:controlfield tag="007">cr unu||||||||</marc:controlfield><marc:controlfield tag="008">120905s2013    miua    ob   s001 0 eng d</marc:controlfield><marc:datafield tag="010" ind1=" " ind2=" "><marc:subfield code="a">2012033643</marc:subfield></marc:datafield><marc:datafield tag="020" ind1=" " ind2=" "><marc:subfield code="a">9780472118328</marc:subfield><marc:subfield code="q">(cloth : acid-free paper)</marc:subfield></marc:datafield><marc:datafield tag="020" ind1=" " ind2=" "><marc:subfield code="a">9780472028412</marc:subfield><marc:subfield code="q">(e-book)</marc:subfield></marc:datafield><marc:datafield tag="024" ind1="7" ind2=" "><marc:subfield code="a">10.3998/mpub.1897162</marc:subfield></marc:datafield><marc:datafield tag="040" ind1=" " ind2=" "><marc:subfield code="a">MiU</marc:subfield><marc:subfield code="b">eng</marc:subfield><marc:subfield code="c">MiU</marc:subfield></marc:datafield><marc:datafield tag="043" ind1=" " ind2=" "><marc:subfield code="a">e-gr---</marc:subfield></marc:datafield><marc:datafield tag="050" ind1="0" ind2="0"><marc:subfield code="a">DF285</marc:subfield><marc:subfield code="b">.S74 2013</marc:subfield></marc:datafield><marc:datafield tag="082" ind1="0" ind2="0"><marc:subfield code="a">303.48/23850384</marc:subfield><marc:subfield code="2">23</marc:subfield></marc:datafield><marc:datafield tag="100" ind1="1" ind2=" "><marc:subfield code="a">Steinbock, Bernd.</marc:subfield></marc:datafield><marc:datafield tag="245" ind1="1" ind2="0"><marc:subfield code="a">Social memory in Athenian public discourse :</marc:subfield><marc:subfield code="b">uses and meanings of the past /</marc:subfield><marc:subfield code="c">Bernd Steinbock.</marc:subfield></marc:datafield><marc:datafield tag="264" ind1=" " ind2="1"><marc:subfield code="a">Ann Arbor :</marc:subfield><marc:subfield code="b">The University of Michigan Press,</marc:subfield><marc:subfield code="c">[2013].</marc:subfield></marc:datafield><marc:datafield tag="300" ind1=" " ind2=" "><marc:subfield code="a">1 online resource</marc:subfield></marc:datafield><marc:datafield tag="336" ind1=" " ind2=" "><marc:subfield code="a">text</marc:subfield><marc:subfield code="b">txt</marc:subfield><marc:subfield code="2">rdacontent</marc:subfield></marc:datafield><marc:datafield tag="337" ind1=" " ind2=" "><marc:subfield code="a">computer</marc:subfield><marc:subfield code="b">c</marc:subfield><marc:subfield code="2">rdamedia</marc:subfield></marc:datafield><marc:datafield tag="338" ind1=" " ind2=" "><marc:subfield code="a">online resource</marc:subfield><marc:subfield code="b">cr</marc:subfield><marc:subfield code="2">rdacarrier</marc:subfield></marc:datafield><marc:datafield tag="504" ind1=" " ind2=" "><marc:subfield code="a">Includes bibliographical references (pages 357-376) and indexes.</marc:subfield></marc:datafield><marc:datafield tag="505" ind1="0" ind2=" "><marc:subfield code="a">Introduction : Objectives, Methods, Concepts -- Objectives -- What Is Social Memory? -- Social memory in Ancient Greece : From Mythical Times to the Recent Past -- Social Memory in Athenian Public Discourse -- Chapter 1. Carriers of Athenian Social Memory -- Festivals and Public Commemorations -- Different Memory Communities -- Monuments and Inscriptions -- Rhetorical Education -- Assembly and Law Courts -- Chapter 2. Athens' Counterimage : The Theban Medizers -- Fourth-Century Allusions to Thebes' Medizing -- Theban Conduct during the Persian War -- Athenian Disposition toward Thebes in 479 -- Memorialization of Thebes' Treason -- Remembering Theban Medism throughout the Fifth Century -- Contexts for the Recollection of Theban Medism in the Fourth Century -- Chapter 3. Mythical Precedent : Athenian Intervention for the Fallen Argives -- Oratorical Allusions to the Burial of the Seven -- Constitutive Elements and Formative Influences -- The Burial of the Seven in Diplomatic and Political Discourse -- Chapter 4. A Precarious Memory : Theban Help for the Athenian Democrats -- Belated Praise for Theban Aid? -- The Situation in Thebes in 404/3 -- Theban Support for Thrasybulus in Athenian Social Memory -- Chapter 5. Persistent Memories : The Proposed Eradication of Athens -- The Debate about Athens' Fate in 405/4 -- Fourth-Century Allusions to the Proposed Destruction of Athens -- Traumatic Fear of Annihilation -- Semantic and Visual Conceptualizations : City Razing and Enslavement -- Imagining the Unimaginable : The Eradication of Athens -- Plataea, Melos and Troy as Aide Memoire -- Contexts for the Recollection of the Theban Proposal -- Conclusion.</marc:subfield></marc:datafield><marc:datafield tag="588" ind1=" " ind2=" "><marc:subfield code="a">Description based on information from the publisher.</marc:subfield></marc:datafield><marc:datafield tag="650" ind1=" " ind2="0"><marc:subfield code="a">Memory</marc:subfield><marc:subfield code="x">Social aspects</marc:subfield><marc:subfield code="z">Greece</marc:subfield><marc:subfield code="z">Athens</marc:subfield><marc:subfield code="x">History</marc:subfield><marc:subfield code="y">To 1500.</marc:subfield></marc:datafield><marc:datafield tag="650" ind1=" " ind2="0"><marc:subfield code="a">Collective memory</marc:subfield><marc:subfield code="z">Greece</marc:subfield><marc:subfield code="z">Athens</marc:subfield><marc:subfield code="x">History</marc:subfield><marc:subfield code="y">To 1500.</marc:subfield></marc:datafield><marc:datafield tag="650" ind1=" " ind2="0"><marc:subfield code="a">Historiography</marc:subfield><marc:subfield code="x">Social aspects</marc:subfield><marc:subfield code="z">Greece</marc:subfield><marc:subfield code="z">Athens</marc:subfield><marc:subfield code="x">History</marc:subfield><marc:subfield code="y">To 1500.</marc:subfield></marc:datafield><marc:datafield tag="650" ind1=" " ind2="0"><marc:subfield code="a">Discourse analysis</marc:subfield><marc:subfield code="z">Greece</marc:subfield><marc:subfield code="z">Athens</marc:subfield><marc:subfield code="x">History</marc:subfield><marc:subfield code="y">To 1500.</marc:subfield></marc:datafield><marc:datafield tag="651" ind1=" " ind2="0"><marc:subfield code="a">Athens (Greece)</marc:subfield><marc:subfield code="x">Relations</marc:subfield><marc:subfield code="z">Greece</marc:subfield><marc:subfield code="z">Thebes.</marc:subfield></marc:datafield><marc:datafield tag="651" ind1=" " ind2="0"><marc:subfield code="a">Thebes (Greece)</marc:subfield><marc:subfield code="x">Relations</marc:subfield><marc:subfield code="z">Greece</marc:subfield><marc:subfield code="z">Athens.</marc:subfield></marc:datafield><marc:datafield tag="651" ind1=" " ind2="0"><marc:subfield code="a">Thebes (Greece)</marc:subfield><marc:subfield code="x">Foreign public opinion.</marc:subfield></marc:datafield><marc:datafield tag="651" ind1=" " ind2="0"><marc:subfield code="a">Athens (Greece)</marc:subfield><marc:subfield code="x">Politics and government.</marc:subfield></marc:datafield><marc:datafield tag="651" ind1=" " ind2="0"><marc:subfield code="a">Athens (Greece)</marc:subfield><marc:subfield code="x">Social life and customs.</marc:subfield></marc:datafield><marc:datafield tag="651" ind1=" " ind2="0"><marc:subfield code="a">Greece</marc:subfield><marc:subfield code="x">History</marc:subfield><marc:subfield code="y">To 146 B.C.</marc:subfield></marc:datafield><marc:datafield tag="655" ind1=" " ind2="4"><marc:subfield code="a">Electronic books.</marc:subfield></marc:datafield><marc:datafield tag="710" ind1="2" ind2=" "><marc:subfield code="a">Michigan Publishing (University of Michigan)</marc:subfield><marc:subfield code="e">publisher.</marc:subfield></marc:datafield><marc:datafield tag="856" ind1="4" ind2="0"><marc:subfield code="z">Access to the Michigan Publishing online version:</marc:subfield><marc:subfield code="u">https://doi.org/10.3998/mpub.1897162</marc:subfield></marc:datafield></marc:record>