
<marc:record><marc:leader>03740cam a2200457 i 4500</marc:leader>
<marc:controlfield tag="005">20161228113836.0</marc:controlfield>
<marc:controlfield tag="006">m     o  d        </marc:controlfield><marc:controlfield tag="007">cr unu||||||||</marc:controlfield><marc:controlfield tag="008">131230s2013    miua    ob   s001 0deng d</marc:controlfield><marc:datafield tag="010" ind1=" " ind2=" "><marc:subfield code="a">2013044601</marc:subfield></marc:datafield><marc:datafield tag="020" ind1=" " ind2=" "><marc:subfield code="a">9780472119240</marc:subfield><marc:subfield code="q">(cloth : acid-free paper)</marc:subfield></marc:datafield><marc:datafield tag="020" ind1=" " ind2=" "><marc:subfield code="a">9780472120109</marc:subfield><marc:subfield code="q">(ebook)</marc:subfield></marc:datafield><marc:datafield tag="024" ind1="7" ind2=" "><marc:subfield code="a">10.3998/mpub.5911170</marc:subfield></marc:datafield><marc:datafield tag="040" ind1=" " ind2=" "><marc:subfield code="a">MiU</marc:subfield><marc:subfield code="b">eng</marc:subfield><marc:subfield code="c">MiU</marc:subfield></marc:datafield><marc:datafield tag="043" ind1=" " ind2=" "><marc:subfield code="a">e-gx---</marc:subfield></marc:datafield><marc:datafield tag="050" ind1="0" ind2="0"><marc:subfield code="a">PT1737.H18</marc:subfield><marc:subfield code="b">Z73 2013</marc:subfield></marc:datafield><marc:datafield tag="082" ind1="0" ind2="0"><marc:subfield code="a">833/.5</marc:subfield><marc:subfield code="2">23</marc:subfield></marc:datafield><marc:datafield tag="100" ind1="1" ind2=" "><marc:subfield code="a">Scholz Williams, Gerhild,</marc:subfield><marc:subfield code="d">1942-</marc:subfield></marc:datafield><marc:datafield tag="245" ind1="1" ind2="0"><marc:subfield code="a">Mediating culture in the seventeenth-century German novel :</marc:subfield><marc:subfield code="b">Eberhard Werner Happel, 1647-1690 /</marc:subfield><marc:subfield code="c">Gerhild Scholz Williams.</marc:subfield></marc:datafield><marc:datafield tag="264" ind1=" " ind2="1"><marc:subfield code="a">Ann Arbor :</marc:subfield><marc:subfield code="b">The University of Michigan Press,</marc:subfield><marc:subfield code="c">2013.</marc:subfield></marc:datafield><marc:datafield tag="300" ind1=" " ind2=" "><marc:subfield code="a">1 online resource</marc:subfield></marc:datafield><marc:datafield tag="336" ind1=" " ind2=" "><marc:subfield code="a">text</marc:subfield><marc:subfield code="b">txt</marc:subfield><marc:subfield code="2">rdacontent</marc:subfield></marc:datafield><marc:datafield tag="337" ind1=" " ind2=" "><marc:subfield code="a">computer</marc:subfield><marc:subfield code="b">c</marc:subfield><marc:subfield code="2">rdamedia</marc:subfield></marc:datafield><marc:datafield tag="338" ind1=" " ind2=" "><marc:subfield code="a">online resource</marc:subfield><marc:subfield code="b">cr</marc:subfield><marc:subfield code="2">rdacarrier</marc:subfield></marc:datafield><marc:datafield tag="504" ind1=" " ind2=" "><marc:subfield code="a">Includes bibliographical references (pages 225-237) and index.</marc:subfield></marc:datafield><marc:datafield tag="505" ind1="0" ind2=" "><marc:subfield code="a">1. Setting the Stage -- 2. &quot;The Court of Public Opinion&quot; : Fictionalizing Encounters with Historical Heroes (Imre Thököly and Friedrich von Schomberg) -- 3. Dangerous Passage : Pirates, Robbers, Captives, and Slaves -- 4. Losing Direction : Romance and Gender Confusions.</marc:subfield></marc:datafield><marc:datafield tag="520" ind1="2" ind2=" "><marc:subfield code="a">&quot;Eberhard Happel, Baroque German author of an extensive body of work of fiction and nonfiction, has for many years been categorized as a 'courtly-gallant' novelist. In Mediating Culture in the Seventeenth-Century German Novel, author Gerhild Scholz Williams argues that categorizing him thus is to seriously misread him and to miss out on a fascinating perspective on this dynamic period in German history. Happel primarily lived and worked in the vigorous port city of Hamburg, which was a 'media center' in terms of the access it offered to a wide library of books in public and private collections, and Hamburg's port status meant it buzzed with news and information. Happel's novels deal with many topics of current interest--explorations of national identity formation, gender and sexualities, Western European encounters with neighbors to the East, confrontations with non-European and non-Western powers and cultures--and they feature multiple media, including news reports, news collections, and travel writings. As a result, Happel's use of contemporary source material in his novels feeds the current interest in the impact of the production of knowledge on 17th-century narrative. Mediating Culture in the Seventeenth-Century German Novel explores the narrative wealth and multiversity of Happel's work, examines Happel's novels as illustrative of 17th-century novel writing in Germany, and investigates the synergistic relationship in Happel's writings between the booming print media industry and the evolution of the German novel&quot;--</marc:subfield><marc:subfield code="c">Provided by publisher.</marc:subfield></marc:datafield><marc:datafield tag="588" ind1=" " ind2=" "><marc:subfield code="a">Description based on information from the publisher.</marc:subfield></marc:datafield><marc:datafield tag="600" ind1="1" ind2="0"><marc:subfield code="a">Happel, Eberhard Werner,</marc:subfield><marc:subfield code="d">1647-1690</marc:subfield><marc:subfield code="x">Criticism and interpretation.</marc:subfield></marc:datafield><marc:datafield tag="600" ind1="1" ind2="0"><marc:subfield code="a">Happel, Eberhard Werner,</marc:subfield><marc:subfield code="d">1647-1690</marc:subfield><marc:subfield code="v">Sources.</marc:subfield></marc:datafield><marc:datafield tag="600" ind1="1" ind2="0"><marc:subfield code="a">Happel, Eberhard Werner,</marc:subfield><marc:subfield code="d">1647-1690</marc:subfield><marc:subfield code="x">Characters.</marc:subfield></marc:datafield><marc:datafield tag="650" ind1=" " ind2="0"><marc:subfield code="a">German literature</marc:subfield><marc:subfield code="y">Early modern, 1500-1700</marc:subfield><marc:subfield code="x">History and criticism.</marc:subfield></marc:datafield><marc:datafield tag="650" ind1=" " ind2="0"><marc:subfield code="a">German fiction</marc:subfield><marc:subfield code="y">Early modern, 1500-1700</marc:subfield><marc:subfield code="x">History and criticism.</marc:subfield></marc:datafield><marc:datafield tag="650" ind1=" " ind2="0"><marc:subfield code="a">German literature</marc:subfield><marc:subfield code="x">Social aspects</marc:subfield><marc:subfield code="x">History</marc:subfield><marc:subfield code="y">17th century.</marc:subfield></marc:datafield><marc:datafield tag="650" ind1=" " ind2="0"><marc:subfield code="a">Heroes in literature.</marc:subfield></marc:datafield><marc:datafield tag="650" ind1=" " ind2="0"><marc:subfield code="a">National characteristics, German, in literature.</marc:subfield></marc:datafield><marc:datafield tag="650" ind1=" " ind2="0"><marc:subfield code="a">Gender identity in literature.</marc:subfield></marc:datafield><marc:datafield tag="650" ind1=" " ind2="0"><marc:subfield code="a">East and West in literature.</marc:subfield></marc:datafield><marc:datafield tag="655" ind1=" " ind2="4"><marc:subfield code="a">Electronic books.</marc:subfield></marc:datafield><marc:datafield tag="710" ind1="2" ind2=" "><marc:subfield code="a">Michigan Publishing (University of Michigan)</marc:subfield><marc:subfield code="e">publisher.</marc:subfield></marc:datafield><marc:datafield tag="856" ind1="4" ind2="0"><marc:subfield code="z">Access to the Michigan Publishing online version:</marc:subfield><marc:subfield code="u">https://doi.org/10.3998/mpub.5911170</marc:subfield></marc:datafield></marc:record>