
<marc:record><marc:leader>03177cam a2200361 i 4500</marc:leader>
<marc:controlfield tag="005">20161228112455.0</marc:controlfield>
<marc:controlfield tag="006">m     o  d        </marc:controlfield><marc:controlfield tag="007">cr unu||||||||</marc:controlfield><marc:controlfield tag="008">130513t20132013miua    ob   s001 0 eng d</marc:controlfield><marc:datafield tag="010" ind1=" " ind2=" "><marc:subfield code="a">2013015655</marc:subfield></marc:datafield><marc:datafield tag="020" ind1=" " ind2=" "><marc:subfield code="a">9780472118915</marc:subfield><marc:subfield code="q">(cloth : acid-free paper)</marc:subfield></marc:datafield><marc:datafield tag="020" ind1=" " ind2=" "><marc:subfield code="a">0472118919</marc:subfield><marc:subfield code="q">(cloth : acid-free paper)</marc:subfield></marc:datafield><marc:datafield tag="020" ind1=" " ind2=" "><marc:subfield code="a">9780472029358</marc:subfield><marc:subfield code="q">(e-book)</marc:subfield></marc:datafield><marc:datafield tag="024" ind1="7" ind2=" "><marc:subfield code="a">10.3998/mpub.5927536</marc:subfield></marc:datafield><marc:datafield tag="040" ind1=" " ind2=" "><marc:subfield code="a">MiU</marc:subfield><marc:subfield code="b">eng</marc:subfield><marc:subfield code="c">MiU</marc:subfield></marc:datafield><marc:datafield tag="050" ind1="0" ind2="0"><marc:subfield code="a">HM621</marc:subfield><marc:subfield code="b">.C848 2013</marc:subfield></marc:datafield><marc:datafield tag="082" ind1="0" ind2="0"><marc:subfield code="a">306.01</marc:subfield><marc:subfield code="2">23</marc:subfield></marc:datafield><marc:datafield tag="245" ind1="0" ind2="0"><marc:subfield code="a">Cultural histories of the material world /</marc:subfield><marc:subfield code="c">edited by Peter N. Miller.</marc:subfield></marc:datafield><marc:datafield tag="264" ind1=" " ind2="1"><marc:subfield code="a">Ann Arbor :</marc:subfield><marc:subfield code="b">The University of Michigan Press,</marc:subfield><marc:subfield code="c">[2013]</marc:subfield></marc:datafield><marc:datafield tag="300" ind1=" " ind2=" "><marc:subfield code="a">1 online resource</marc:subfield></marc:datafield><marc:datafield tag="336" ind1=" " ind2=" "><marc:subfield code="a">text</marc:subfield><marc:subfield code="b">txt</marc:subfield><marc:subfield code="2">rdacontent</marc:subfield></marc:datafield><marc:datafield tag="337" ind1=" " ind2=" "><marc:subfield code="a">computer</marc:subfield><marc:subfield code="b">c</marc:subfield><marc:subfield code="2">rdamedia</marc:subfield></marc:datafield><marc:datafield tag="338" ind1=" " ind2=" "><marc:subfield code="a">online resource</marc:subfield><marc:subfield code="b">cr</marc:subfield><marc:subfield code="2">rdacarrier</marc:subfield></marc:datafield><marc:datafield tag="490" ind1="1" ind2=" "><marc:subfield code="a">The Bard Graduate Center Cultural Histories of the Material World</marc:subfield></marc:datafield><marc:datafield tag="504" ind1=" " ind2=" "><marc:subfield code="a">Includes bibliographical references and index.</marc:subfield></marc:datafield><marc:datafield tag="505" ind1="0" ind2=" "><marc:subfield code="a">Introduction : The culture of the hand / Peter N. Miller -- Design history and the decorative arts / Glenn Adamson -- The materiality of art / Philippe Bordes -- Mutually contextual : materials, bodies and objects / Brigitte Miriam Bedos-Rezak -- Musuem display, an Algonquian bow, and the ship of Theseus / Ivan Gaskell -- Cultural histories of the material world : whose material world? / Sabine MacCormack -- The history of Facebook / Daniel Miller -- Dirty, pretty things : on archaeology and prehistoric materialities / Lynn Meskell -- Archaeology and design history : a thesis and nine theses / Michael Shanks -- Swelling toads, translation, and the paradox of the concrete / Bernard L. Herman -- Materiality and cultural translation : indigenous arts, colonial exchange, and postcolonial perspectives / Ruth B. Phillips -- The antiquarian, the collector, and the cultural history of the material world / Alain Schnapp -- Mountain as material : landscape inscriptions in China / Robert E. Harrist, Jr. -- Objects and history / Jaâs Elsner -- Beyond representation : things, human and nonhuman / Ittai Weinryb -- Materialities of culture / Bill Brown -- Toward a cultural history of the material world / Juliet Fleming -- Thoughts on cultural histories of the material world / Nancy J. Troy -- The history of science as a cultural history of the material world / Pamela H. Smith -- Reflecting on recipes / Deborah L. Krohn -- Music in the material world : cultural traces and historical cases / Elaine Sisman -- A cultural history of the material world of Islam / Jonathan M. Bloom -- Franz Kugler and the concept of world art history / Horst Bredekamp -- The missing link : &quot;antiquarianism,&quot; &quot;material culture,&quot; and &quot;cultural science&quot; in the work of G.F. Klemm / Peter N. Miller.</marc:subfield></marc:datafield><marc:datafield tag="588" ind1=" " ind2=" "><marc:subfield code="a">Description based on information from the publisher.</marc:subfield></marc:datafield><marc:datafield tag="650" ind1=" " ind2="0"><marc:subfield code="a">Culture</marc:subfield><marc:subfield code="x">Philosophy.</marc:subfield></marc:datafield><marc:datafield tag="655" ind1=" " ind2="4"><marc:subfield code="a">Electronic books.</marc:subfield></marc:datafield><marc:datafield tag="700" ind1="1" ind2=" "><marc:subfield code="a">Miller, Peter N.,</marc:subfield><marc:subfield code="d">1964-</marc:subfield></marc:datafield><marc:datafield tag="710" ind1="2" ind2=" "><marc:subfield code="a">Michigan Publishing (University of Michigan)</marc:subfield><marc:subfield code="e">publisher.</marc:subfield></marc:datafield><marc:datafield tag="830" ind1=" " ind2="0"><marc:subfield code="a">The Bard Graduate Center Cultural Histories of the Material World</marc:subfield></marc:datafield><marc:datafield tag="856" ind1="4" ind2="0"><marc:subfield code="z">Access to the Michigan Publishing online version:</marc:subfield><marc:subfield code="u">https://doi.org/10.3998/mpub.5927536</marc:subfield></marc:datafield></marc:record>